%% 魔兽宇宙虚构文献（中文）
@report{silverhand2020,
  author       = {{白银之手骑士团}},
  title        = {斯坦索姆事件调查报告},
  year         = {20},
  institution  = {洛丹伦档案馆},
  note         = {密级：圣骑士长+},
  langid       = {chinese}
}

@book{antonidas2015,
  author       = {安东尼达斯},
  title        = {圣光教义与极端情境伦理冲突},
  year         = {15},
  publisher    = {达拉然魔法学院出版社},
  location     = {达拉然},
  langid       = {chinese}
}

@techreport{kelthuzad2025,
  author       = {克尔苏加德},
  title        = {通灵学派精神操控研究报告},
  year         = {25},
  institution  = {通灵学院},
  note         = {内部机密档案，仅限天灾高阶成员查阅},
  langid       = {chinese}
}

@book{chronicle_scourge,
  author       = {{暴雪娱乐}},
  title        = {艾泽拉斯编年史：天灾起源},
  year         = {2024},
  publisher    = {暗影界出版社},
  address      = {奥利波斯},
  note         = {ISBN 978-7-5133-9999-9},
  langid       = {chinese}
}

%% 魔兽宇宙虚构文献（英文）
@report{medivh2030,
  author       = {Medivh},
  title        = {Timeline Observation Log: Arthas Menethil Branch},
  year         = {30},
  institution  = {Karazhan Library},
  note         = {Classified by Bronze Dragonflight}
}

@manual{silver_hand_manual,
  author       = {Uther Lightbringer},
  title        = {Training Manual of the Order of the Silver Hand},
  year         = {15},
  publisher    = {Lordaeron Royal Press},
  chapter      = {Chapter III: Holy Light Ethics and Extreme Scenario Decision-Making}
}

%% 现实学术文献
@article{bandura1999,
  author       = {Bandura, Albert},
  title        = {Moral Disengagement in the Perpetration of Inhumanities},
  journaltitle = {Journal of Social Issues},
  year         = {1999},
  volume       = {47},
  number       = {3},
  pages        = {1--19}
}

@book{dollard1939,
  author       = {Dollard, John and Doob, Leonard William and Miller, Neal E.},
  title        = {Frustration and Aggression},
  year         = {1939},
  publisher    = {Yale University Press},
  location     = {New Haven}
}

@book{festinger1957,
  author       = {Festinger, Leon},
  title        = {A Theory of Cognitive Dissonance},
  year         = {1957},
  publisher    = {Stanford University Press},
  address      = {Stanford}
}

@book{jung1921,
  author       = {Jung, Carl Gustav},
  title        = {Psychological Types},
  year         = {1921},
  publisher    = {Harcourt Brace},
  address      = {New York}
}